%lbp
@article{Ahonen:2006:FDL:1175897.1176245,
 author = {Ahonen, Timo and Hadid, Abdenour and Pietikainen, Matti},
 title = {Face Description with Local Binary Patterns: Application to Face Recognition},
 journal = {IEEE Trans. Pattern Anal. Mach. Intell.},
 issue_date = {December 2006},
 volume = {28},
 number = {12},
 month = dec,
 year = {2006},
 issn = {0162-8828},
 pages = {2037--2041},
 numpages = {5},
 url = {http://dx.doi.org/10.1109/TPAMI.2006.244},
 doi = {10.1109/TPAMI.2006.244},
 acmid = {1176245},
 publisher = {IEEE Computer Society},
 address = {Washington, DC, USA},
 keywords = {Facial image representation, Facial image representation, local binary pattern, component-based face recognition, texture features, face misalignment., component-based face recognition, face misalignment., local binary pattern, texture features},
}
%grab
@Article{Sapkota2013,
author="Sapkota, Archana
and Boult, Terrance E.",
title="GRAB: generalized region assigned to binary",
journal="EURASIP Journal on Image and Video Processing",
year="2013",
volume="2013",
number="1",
pages="1--11",
issn="1687-5281",
doi="10.1186/1687-5281-2013-35",
url="http://dx.doi.org/10.1186/1687-5281-2013-35"
}
%hog
@INPROCEEDINGS{Dalal05histogramsof,
    author = {Navneet Dalal and Bill Triggs},
    title = {Histograms of Oriented Gradients for Human Detection},
    booktitle = {In CVPR},
    year = {2005},
    pages = {886--893}
}
%lesh
@article{Wajid:2015:LES:2793715.2793763,
 author = {Wajid, Summrina Kanwal and Hussain, Amir},
 title = {Local Energy-based Shape Histogram Feature Extraction Technique for Breast Cancer Diagnosis},
 journal = {Expert Syst. Appl.},
 issue_date = {November 2015},
 volume = {42},
 number = {20},
 month = nov,
 year = {2015},
 issn = {0957-4174},
 pages = {6990--6999},
 numpages = {10},
 url = {http://dx.doi.org/10.1016/j.eswa.2015.04.057},
 doi = {10.1016/j.eswa.2015.04.057},
 acmid = {2793763},
 publisher = {Pergamon Press, Inc.},
 address = {Tarrytown, NY, USA},
 keywords = {Computer-aided decision support system (CADSS), Local energy model, Local energy-based shape histogram (LESH), Receiver operating characteristic (ROC) curve, Support vector machine (SVM)},
}
%lpq
@article{Rahtu:2012:LPQ:2364628.2364653,
 author = {Rahtu, Esa and Heikkil\"{a}, Janne and Ojansivu, Ville and Ahonen, Timo},
 title = {Local Phase Quantization for Blur-insensitive Image Analysis},
 journal = {Image Vision Comput.},
 issue_date = {August, 2012},
 volume = {30},
 number = {8},
 month = aug,
 year = {2012},
 issn = {0262-8856},
 pages = {501--512},
 numpages = {12},
 url = {http://dx.doi.org/10.1016/j.imavis.2012.04.001},
 doi = {10.1016/j.imavis.2012.04.001},
 acmid = {2364653},
 publisher = {Butterworth-Heinemann},
 address = {Newton, MA, USA},
 keywords = {Blur invariance, Face recognition, Feature extraction, Invariant features, Texture recognition},
}
 
%wld
@INPROCEEDINGS{6166675, 
author={Dayi Gong and Shutao Li and Yin Xiang}, 
booktitle={The First Asian Conference on Pattern Recognition}, 
title={Face recognition using the Weber Local Descriptor}, 
year={2011}, 
pages={589-592}, 
keywords={face recognition;feature extraction;image texture;ORL face database;Sobel descriptor;Weber local descriptor feature extraction;Yale face database;differential excitation component;face recognition;local texture information;nearest neighborhood method;orientation component;subregion recognition;Accuracy;Databases;Educational institutions;Face;Face recognition;Feature extraction;Image recognition;Weber local Descripotr;decision fusion;face recognition}, 
doi={10.1109/ACPR.2011.6166675}, 
ISSN={0730-6512}, 
month={Nov},}